<?xml version="1.0" encoding="utf-8"?>
<record xmlns="http://www.loc.gov/MARC21/slim" xmlns:xsi="http://www.w3.org/2001/XMLSchema-instance" xsi:schemaLocation="http://www.loc.gov/MARC21/slim http://www.loc.gov/standards/marcxml/schema/MARC21slim.xsd">
	<leader>     nam a22        4500</leader>
	<controlfield tag="001">3084681</controlfield>
	<controlfield tag="003">NNC</controlfield>
	<controlfield tag="006">m        d        </controlfield>
	<controlfield tag="007">cr cn |||m|||a</controlfield>
	<controlfield tag="008">160323s1904    ua      o     000 0 arard</controlfield>
	<datafield ind1=" " ind2=" " tag="040">
		<subfield code="a">NNU</subfield>
		<subfield code="b">eng</subfield>
		<subfield code="e">rda</subfield>
		<subfield code="c">NNU</subfield>
	</datafield>
	<datafield ind1=" " ind2="4" tag="050">
		<subfield code="a">BP166</subfield>
		<subfield code="b">.I438 1904</subfield>
	</datafield>
	<datafield ind1="1" ind2=" " tag="100">
		<subfield code="6">880-01</subfield>
		<subfield code="a">Ibn Taymīyah, Aḥmad ibn ʻAbd al-Ḥalīm,</subfield>
		<subfield code="d">1263-1328.</subfield>
	</datafield>
	<datafield ind1="1" ind2="0" tag="240">
		<subfield code="6">880-02</subfield>
		<subfield code="a">Minhāj al-sunnah al-nabawīyah fī naqḍ kalām al-Shīʻah wa-al- Qadarīyah</subfield>
	</datafield>
	<datafield ind1="1" ind2="0" tag="245">
		<subfield code="6">880-03</subfield>
		<subfield code="a">Kitāb Minhāj al-sunnah al-nabawīyah fī naqḍ kalām al-Shīʻah wa-al-Qadarīyah /</subfield>
		<subfield code="c">taṣnīf Abī al-ʻAbbās Taqī al-Dīn Aḥmad ibn ʻAbd al-Ḥalīm al-shahīr bi-Ibn Taymīyah ... ; wa-bi-hāmishihā al-kitāb al- musammá Bayān muwāfaqah ṣarīḥ al-maʻqūl li-ṣaḥīḥ al-manqūl lil- muʼallaf al-madhkūr.</subfield>
	</datafield>
	<datafield ind1=" " ind2=" " tag="250">
		<subfield code="6">880-04</subfield>
		<subfield code="a">al-Ṭabʻah 1.</subfield>
	</datafield>
	<datafield ind1=" " ind2=" " tag="260">
		<subfield code="6">880-05</subfield>
		<subfield code="a">Būlāq :</subfield>
		<subfield code="b">al-Maṭbaʻat al-Amīrīyah,</subfield>
		<subfield code="c">1322 [1904]</subfield>
	</datafield>
	<datafield ind1=" " ind2=" " tag="300">
		<subfield code="a">online resource (4 volumes in 2)</subfield>
	</datafield>
	<datafield ind1=" " ind2=" " tag="336">
		<subfield code="a">text</subfield>
		<subfield code="2">rdacontent</subfield>
	</datafield>
	<datafield ind1=" " ind2=" " tag="337">
		<subfield code="a">computer</subfield>
		<subfield code="2">rdamedia</subfield>
	</datafield>
	<datafield ind1=" " ind2=" " tag="338">
		<subfield code="a">online resource</subfield>
		<subfield code="2">rdacarrier</subfield>
	</datafield>
	<datafield ind1=" " ind2=" " tag="500">
		<subfield code="a">A refutation of Ibn al-Muṭahhar's Minhāj al-Karāmah.</subfield>
	</datafield>
	<datafield ind1=" " ind2=" " tag="500">
		<subfield code="a">Part of the Arabic Collections Online (ACO) project, contributed by Columbia University Libraries.</subfield>
	</datafield>
	<datafield ind1=" " ind2=" " tag="533">
		<subfield code="a">Electronic reproduction.</subfield>
		<subfield code="b">New York, N.Y. :</subfield>
		<subfield code="c">New York University,</subfield>
		<subfield code="d">2016.</subfield>
		<subfield code="5">NNU</subfield>
	</datafield>
	<datafield ind1=" " ind2="0" tag="650">
		<subfield code="a">Islam</subfield>
		<subfield code="x">Doctrines.</subfield>
	</datafield>
	<datafield ind1=" " ind2="0" tag="650">
		<subfield code="a">Hanbalites.</subfield>
	</datafield>
	<datafield ind1="1" ind2="0" tag="600">
		<subfield code="6">880-06</subfield>
		<subfield code="a">Ibn al-Muṭahhar al-Ḥillī, al-Ḥasan ibn Yūsuf,</subfield>
		<subfield code="d">1250-1325.</subfield>
		<subfield code="t">Minhāj al-karāmah.</subfield>
	</datafield>
	<datafield ind1="1" ind2="2" tag="700">
		<subfield code="6">880-07</subfield>
		<subfield code="a">Ibn Taymīyah, Aḥmad ibn ʻAbd al-Ḥalīm,</subfield>
		<subfield code="d">1263-1328.</subfield>
		<subfield code="t">Bayān muwāfaqah ṣarīḥ al-maʻqūl li-ṣaḥīḥ al-manqūl.</subfield>
	</datafield>
	<datafield ind1="2" ind2=" " tag="710">
		<subfield code="a">Columbia University.</subfield>
		<subfield code="b">Libraries.</subfield>
	</datafield>
	<datafield ind1="0" ind2=" " tag="730">
		<subfield code="a">Arabic Collections Online.</subfield>
	</datafield>
	<datafield ind1="0" ind2=" " tag="740">
		<subfield code="6">880-08</subfield>
		<subfield code="a">Bayān muwāfaqah ṣarīḥ al-maʻqūl li-ṣaḥīḥ al-manqūl.</subfield>
	</datafield>
	<datafield ind1="0" ind2="8" tag="776">
		<subfield code="i">Online version:</subfield>
		<subfield code="a">Ibn Taymīyah, Aḥmad ibn ʻAbd al-Ḥalīm, 1263-1328.</subfield>
		<subfield code="s">Minhāj al-sunnah al-nabawīyah fī naqḍ kalām al-Shīʻah wa-al- Qadarīyah.</subfield>
		<subfield code="t">Kitāb Minhāj al-sunnah al-nabawīyah fī naqḍ kalām al-Shīʻah wa-al-Qadarīyah.</subfield>
		<subfield code="b">al-Ṭabʻah 1.</subfield>
		<subfield code="d">Miṣr : Al-Maṭbaʻat al-Amīrīyah, 1322 [1904]</subfield>
		<subfield code="w">(OCoLC)890619461</subfield>
	</datafield>
	<datafield ind1="0" ind2="8" tag="776">
		<subfield code="i">Print version:</subfield>
		<subfield code="a">Ibn Taymīyah, Aḥmad ibn ʻAbd al-Ḥalīm, 1263-1328.</subfield>
		<subfield code="t">Kitāb Minhāj al-sunnah al-nabawīyah fī naqḍ kalām al-Shīʻah wa-al-Qadarīyah</subfield>
		<subfield code="w">(NNC)3084681</subfield>
		<subfield code="w">(OCoLC)26234833</subfield>
	</datafield>
	<datafield ind1="4" ind2="0" tag="856">
		<subfield code="u">http://hdl.handle.net/2333.1/nzs7h7f3</subfield>
	</datafield>
	<datafield ind1="1" ind2=" " tag="880">
		<subfield code="6">100-01/r</subfield>
		<subfield code="a">ابن تيمية، أحمد بن عبد الحليم.</subfield>
	</datafield>
	<datafield ind1="1" ind2="0" tag="880">
		<subfield code="6">240-02/r</subfield>
		<subfield code="a">منهاج السنة النبوية في نقض كلام الشيعة والقدرية</subfield>
	</datafield>
	<datafield ind1="1" ind2="0" tag="880">
		<subfield code="6">245-03/r</subfield>
		<subfield code="a">كتاب منهاج السنة النبوية في نقض كلام الشيعة والقدرية /</subfield>
		<subfield code="c">تصنيف أبي العباس تقي الدين أحمد بن عبد الحليم الشهير بابن تيمية. وبهامشه الكتاب المسمى بيان موافقة صريح المعقول لصحسح المنقول / للمؤلف المذكور.</subfield>
	</datafield>
	<datafield ind1=" " ind2=" " tag="880">
		<subfield code="6">250-04/r</subfield>
		<subfield code="a">الطبعة 1.</subfield>
	</datafield>
	<datafield ind1=" " ind2=" " tag="880">
		<subfield code="6">260-05/r</subfield>
		<subfield code="a">بولاق :</subfield>
		<subfield code="b">المطبعة الأميرية،</subfield>
		<subfield code="c">1322 [1904]</subfield>
	</datafield>
	<datafield ind1="1" ind2="4" tag="880">
		<subfield code="6">600-06/r</subfield>
		<subfield code="a">ابن المطهر الحلي، الحسن بن يوسف.</subfield>
		<subfield code="t">منهاج الكرامة في معرفة الإمامة.</subfield>
	</datafield>
	<datafield ind1="1" ind2="2" tag="880">
		<subfield code="6">700-07/r</subfield>
		<subfield code="a">ابن تيمية، أحمد بن عبد الحليم.</subfield>
		<subfield code="t">بيان موافقة صريح المعقول لصحيح المنقول.</subfield>
		<subfield code="f">1904.</subfield>
	</datafield>
	<datafield ind1="0" ind2=" " tag="880">
		<subfield code="6">740-08/r</subfield>
		<subfield code="a">بيان موافقة صريح المعقول لصحيح المنقول.</subfield>
	</datafield>
	<datafield ind1=" " ind2=" " tag="959">
		<subfield code="a">NNU</subfield>
		<subfield code="b">WEB</subfield>
		<subfield code="c">GENI</subfield>
		<subfield code="t">0</subfield>
		<subfield code="m">Electronic access</subfield>
		<subfield code="s">01</subfield>
	</datafield>
	<datafield ind1=" " ind2=" " tag="999">
		<subfield code="i">NNC_3084681</subfield>
		<subfield code="o">(OCoLC)ocm26234833</subfield>
		<subfield code="s">columbia_aco001785:v.1-2</subfield>
		<subfield code="s">columbia_aco001786:v.3-4</subfield>
		<subfield code="e">(ERROR-880)</subfield>
		<subfield code="s">columbia_aco001785:v.1-2</subfield>
		<subfield code="s">columbia_aco001786:v.3-4</subfield>
	</datafield>
</record>
